<?xml version="1.0" encoding="UTF-8"?><collection xmlns="http://www.loc.gov/MARC21/slim"><record><leader>00319nam--2200121-i-4500</leader><controlfield tag="001">000002653</controlfield><controlfield tag="002">20161230</controlfield><controlfield tag="005">20161230201025</controlfield><controlfield tag="008">060222s1000------------r-----000-0-eng-d</controlfield><datafield ind1=" " ind2=" " tag="080"><subfield code="a">621.039.5(540):001.818(047.1)</subfield></datafield><datafield ind1=" " ind2=" " tag="245"><subfield code="a">Barc highlights 86</subfield></datafield><datafield ind1=" " ind2=" " tag="260"><subfield code="a">Bombay, Bhabha Atomic Research Centre, 1987. 126 P</subfield></datafield><datafield ind1=" " ind2=" " tag="852"><subfield code="a">74925</subfield></datafield></record></collection>